<record><leader>00000cas a2200000 a 4500</leader><controlfield tag="001">9395575</controlfield><controlfield tag="008">830411d18351847gaudn ne      0    0eng  </controlfield><datafield ind1=" " ind2=" " tag="010"><subfield code="a">sn 83016088 </subfield></datafield><datafield ind1=" " ind2=" " tag="040"><subfield code="a">DLC</subfield><subfield code="b">eng</subfield><subfield code="c">DLC</subfield><subfield code="d">NYS</subfield><subfield code="d">NLG</subfield><subfield code="d">DLC</subfield><subfield code="d">OCL</subfield><subfield code="d">YOX</subfield><subfield code="d">OCL</subfield><subfield code="d">GUA</subfield><subfield code="d">OCLCQ</subfield><subfield code="d">OCLCO</subfield><subfield code="d">OCLCF</subfield></datafield><datafield ind1=" " ind2=" " tag="012"><subfield code="b">3</subfield></datafield><datafield ind1=" " ind2=" " tag="019"><subfield code="a">9395735</subfield><subfield code="a">9395836</subfield><subfield code="a">9396107</subfield></datafield><datafield ind1="1" ind2=" " tag="029"><subfield code="a">AU@</subfield><subfield code="b">000020121453</subfield></datafield><datafield ind1=" " ind2=" " tag="042"><subfield code="a">pcc</subfield></datafield><datafield ind1=" " ind2=" " tag="043"><subfield code="a">n-us-ga</subfield></datafield><datafield ind1="0" ind2="0" tag="050"><subfield code="a">Newspaper 7533</subfield></datafield><datafield ind1="0" ind2=" " tag="130"><subfield code="a">Daily Georgian (Savannah, Ga. : 1835)</subfield></datafield><datafield ind1="1" ind2="4" tag="245"><subfield code="a">The daily Georgian.</subfield></datafield><datafield ind1="1" ind2=" " tag="246"><subfield code="i">Published triweekly during the summer months as:</subfield><subfield code="a">Georgian</subfield></datafield><datafield ind1=" " ind2=" " tag="260"><subfield code="a">Savannah :</subfield><subfield code="b">W.H. Bulloch,</subfield><subfield code="c">-[1847]</subfield></datafield><datafield ind1=" " ind2=" " tag="300"><subfield code="a">v.</subfield></datafield><datafield ind1=" " ind2=" " tag="310"><subfield code="a">Daily (except Sunday)</subfield></datafield><datafield ind1="1" ind2=" " tag="362"><subfield code="a">Began in 1835.</subfield></datafield><datafield ind1="0" ind2=" " tag="362"><subfield code="a">-Oct. 16, 1847.</subfield></datafield><datafield ind1=" " ind2=" " tag="500"><subfield code="a">Numerous issues lacking title pages and/or mastheads, volume numbers and/or issue numbers.</subfield></datafield><datafield ind1=" " ind2=" " tag="530"><subfield code="a">Also on microfilm: Athens, Ga. : University of Georgia Libraries.</subfield></datafield><datafield ind1=" " ind2=" " tag="588"><subfield code="a">Description based on: Vol. 17, no. 261 (Dec. 25, 1835).</subfield></datafield><datafield ind1=" " ind2="0" tag="651"><subfield code="a">Savannah (Ga.)</subfield><subfield code="v">Newspapers.</subfield></datafield><datafield ind1=" " ind2="0" tag="651"><subfield code="a">Chatham County (Ga.)</subfield><subfield code="v">Newspapers.</subfield></datafield><datafield ind1=" " ind2="7" tag="655"><subfield code="a">Newspapers.</subfield><subfield code="2">fast</subfield><subfield code="0">(OCoLC)fst01423814</subfield></datafield><datafield ind1=" " ind2="7" tag="651"><subfield code="a">Georgia</subfield><subfield code="z">Chatham County.</subfield><subfield code="2">fast</subfield><subfield code="0">(OCoLC)fst01207617</subfield></datafield><datafield ind1=" " ind2="7" tag="651"><subfield code="a">Georgia</subfield><subfield code="z">Savannah.</subfield><subfield code="2">fast</subfield><subfield code="0">(OCoLC)fst01207319</subfield></datafield><datafield ind1=" " ind2=" " tag="752"><subfield code="a">United States</subfield><subfield code="b">Georgia</subfield><subfield code="c">Chatham</subfield><subfield code="d">Savannah.</subfield></datafield><datafield ind1="0" ind2=" " tag="775"><subfield code="t">Weekly Georgian</subfield><subfield code="w">(DLC)sn 85040618</subfield><subfield code="w">(OCoLC)12060014</subfield></datafield><datafield ind1="0" ind2=" " tag="775"><subfield code="t">Tri-weekly Georgian, for the country</subfield></datafield><datafield ind1="0" ind2="0" tag="780"><subfield code="t">Georgian (Savannah, Ga. : 1829)</subfield><subfield code="w">(DLC)sn 83016087</subfield><subfield code="w">(OCoLC)9395251</subfield></datafield><datafield ind1="0" ind2="0" tag="785"><subfield code="t">Savannah Georgian (Savannah, Ga. : 1847)</subfield><subfield code="w">(DLC)sn 83016085</subfield><subfield code="w">(OCoLC)9395077</subfield></datafield></record>